@article{allis1988knowledge,
  title={A Knowledge-Based Approach of Connect-Four.},
  author={Allis, Louis Victor},
  journal={J. Int. Comput. Games Assoc.},
  volume={11},
  number={4},
  pages={165},
  year={1988},
  publisher={Citeseer}
}

 @book{allen_2010, place={New York, NY}, title={The Complete Book of Connect 4: History, strategy, puzzles}, publisher={Puzzle Wright Press}, author={Allen, James Dow}, year={2010}} 

 @misc{kdnuggets,
    title={A Crash Course in Game Theory for Machine Learning: Classic and New Ideas},
    url={https://www.kdnuggets.com/2020/03/crash-course-game-theory-machine-learning.html},
    journal={KDnuggets}, 
    author={Rodriguez, Jesus},
    year={2020},
    month={Mar}
} 

@misc{trompnumber,
  title={Number of legal 7 x 6 connect-four positions after n plies.},
  url={https://oeis. org/A212693},
  author={Tromp, John},
  journal={OEIS Foundation, Inc.},
  year={2012},
  month={May}
}

@article{tictactoe,
    title={Tic-Tac-Toe (Naughts and Crosses, Cheese and Crackers, etc.)},
    url={https://web.archive.org/web/20130628112339/http://www.mathrec.org/old/2002jan/solutions.html},
    author={Schaefer, Steve},
    journal={MathRec},
    year={2002},
    month={Jan}
}

@misc{trompplayground,
    title={John's Connect Four Playground},
    author={Tromp, John},
    url={https://tromp.github.io/c4/c4.html},
    year={1995}
}

@article{solvingconnect,
    title={Solving Connect 4: How to Build a Perfect AI},
    author={Pons, Pascal},
    url={https://web.archive.org/web/20211011233925/http://blog.gamesolver.org/solving-connect-four/01-introduction/},
    year={2016},
    month={May}
}

@article{kumar2021can,
  title={Can Chess Ever Be Solved},
  author={Kumar, Naveen and others},
  journal={Turkish Journal of Computer and Mathematics Education (TURCOMAT)},
  volume={12},
  number={2},
  pages={2814--2819},
  year={2021}
}
